@Article{RISC-V-Instruction-Set-Manual,
  author = {Waterman, Andrew and Lee, Yunsup and Patterson, David A and Asanovi{\'c}, Krste},
  title  = {The RISC-V Instruction Set Manual, Volume I: User-Level ISA, Version 2.1},
  year   = {2016},
}
